<record><leader>00000cas a22000007a 4500</leader><controlfield tag="001">2269397</controlfield><controlfield tag="008">760620d18421848pauwr ne      0    0eng d</controlfield><controlfield tag="009">54</controlfield><datafield ind1=" " ind2=" " tag="010"><subfield code="a">sn 86083225 </subfield></datafield><datafield ind1=" " ind2=" " tag="040"><subfield code="a">PIT</subfield><subfield code="b">eng</subfield><subfield code="c">PIT</subfield><subfield code="d">NPH</subfield><subfield code="d">DLC</subfield><subfield code="d">NPH</subfield></datafield><datafield ind1="1" ind2=" " tag="029"><subfield code="a">AU@</subfield><subfield code="b">000025819848</subfield></datafield><datafield ind1=" " ind2=" " tag="042"><subfield code="a">msc</subfield></datafield><datafield ind1="0" ind2="0" tag="050"><subfield code="a">Newspaper 9594</subfield></datafield><datafield ind1="0" ind2="0" tag="245"><subfield code="a">Weekly Mercury and manufacturer.</subfield></datafield><datafield ind1=" " ind2=" " tag="260"><subfield code="a">Pittsburgh, Pa. :</subfield><subfield code="b">W.H. Smith &amp; Ths. Phillips,</subfield><subfield code="c">1842-</subfield></datafield><datafield ind1=" " ind2=" " tag="300"><subfield code="a">v. :</subfield><subfield code="b">ill. (chiefly advertisements) ;</subfield><subfield code="c">56-60 cm.</subfield></datafield><datafield ind1=" " ind2=" " tag="310"><subfield code="a">Weekly</subfield></datafield><datafield ind1="0" ind2=" " tag="362"><subfield code="a">Vol. 1, no. 1 (Sept. 10, 1842)-</subfield></datafield><datafield ind1="1" ind2=" " tag="362"><subfield code="a">Ceased in 1848.</subfield></datafield><datafield ind1=" " ind2=" " tag="752"><subfield code="a">United States</subfield><subfield code="b">Pennsylvania</subfield><subfield code="c">Allegheny</subfield><subfield code="d">Pittsburgh.</subfield></datafield><datafield ind1="0" ind2=" " tag="775"><subfield code="t">Daily morning post (Pittsburgh, Pa. : 1842)</subfield><subfield code="w">(DLC)sn 85054564</subfield></datafield><datafield ind1="0" ind2=" " tag="775"><subfield code="t">Pittsburgh morning post (Pittsburgh, Pa. : 1843)</subfield><subfield code="w">(DLC)sn 85054565</subfield></datafield><datafield ind1="0" ind2=" " tag="775"><subfield code="t">Daily morning post (Pittsburgh, Pa. : 1846)</subfield><subfield code="w">(DLC)sn 84026248</subfield></datafield><datafield ind1="0" ind2="4" tag="780"><subfield code="t">Pittsburgh Mercury and democrat</subfield><subfield code="w">(DLC)sn 86081145</subfield></datafield><datafield ind1="0" ind2="4" tag="780"><subfield code="t">American manufacturer (Pittsburgh, Pa. : 1830)</subfield><subfield code="w">(DLC)sn 85054615</subfield></datafield><datafield ind1="0" ind2="0" tag="785"><subfield code="t">Saturday morning post</subfield><subfield code="w">(DLC)sn 84026247</subfield></datafield></record>